<?xml version="1.0" encoding="UTF-8"?><collection xmlns="http://www.loc.gov/MARC21/slim"><record><leader>00653nam--2200205-i-4500</leader><controlfield tag="001">000025629</controlfield><controlfield tag="002">20161230</controlfield><controlfield tag="005">20161230201036</controlfield><controlfield tag="008">060222s1000------------r-----000-0-eng-d</controlfield><datafield ind1=" " ind2=" " tag="020"><subfield code="a">0723606692</subfield></datafield><datafield ind1=" " ind2=" " tag="040"><subfield code="a">IFIN-HH</subfield></datafield><datafield ind1=" " ind2=" " tag="080"><subfield code="a">577:57</subfield></datafield><datafield ind1="1" ind2=" " tag="100"><subfield code="a">Polak, Julia M</subfield></datafield><datafield ind1="1" ind2="0" tag="245"><subfield code="a">Immunocytochemistry</subfield><subfield code="b">Practical applications in pathology and biology with a foreword by a.g.e. pearse and an introduction by l.a. sternberger</subfield><subfield code="c">Julia m. polak; susan van noorden (eds.)</subfield></datafield><datafield ind1=" " ind2=" " tag="260"><subfield code="a">Bristol</subfield><subfield code="b">Wright Psg</subfield><subfield code="c">1983</subfield></datafield><datafield ind1=" " ind2=" " tag="300"><subfield code="a">396P</subfield></datafield><datafield ind1="2" ind2=" " tag="650"><subfield code="a">Cytochemistry</subfield></datafield><datafield ind1="1" ind2=" " tag="700"><subfield code="a">Noorden, Susan Van</subfield><subfield code="e">Ed</subfield></datafield><datafield ind1=" " ind2=" " tag="852"><subfield code="a">81226</subfield><subfield code="c">577.1</subfield></datafield><datafield ind1=" " ind2=" " tag="CAT"><subfield code="a">Sys</subfield><subfield code="c">20110411</subfield><subfield code="h">135539</subfield></datafield></record></collection>